@incollection{VerEecke1960Archimede,
title = {Les œuvres complètes d'Archimède suivies des commentaires d'Eutocius d'Ascalon},
author ={Ver Eecke, Paul},
year = {1960},
pages={301--315},
publisher = {Vaillant-Carmanne}
}

@incollection{stein1999archimedes,
title={Archimedes: What Did He Do Beside Cry Eureka?},
author={Stein, Sherman},
year={1999},
page={20--28},
publisher={MAA}
}

@article{minda2008triangles,
  title={Triangles, ellipses, and cubic polynomials},
  author={Minda, David and Phelps, Steve},
  journal={American Mathematical Monthly},
  volume={115},
  number={8},
  pages={679--689},
  year={2008},
  publisher={Mathematical Association of America}
}
